@book{Ellner2011,
author = {Ellner, Stephen P and Guckenheimer, John},
file = {:home/shouldsee/Documents/repos/ccbi/DynamicModelsLabsInR.pdf:pdf},
title = {{An introduction to R for dynamic models in biology Department of Mathematics}},
url = {https://people.cam.cornell.edu/{~}dmb/DynamicModelsLabsInR.pdf},
year = {2011}
}